% Encoding: UTF-8
@Article{bhalla2010,
  author = 	 {Bhalla, M. and Bhalla, A.},
  title = 	 {Comparative Study of Various Touchscreen Technologies},
  journal = 	 {International Journal of Computer Applications (0975 - 8887)},
  year = 	 {2010},
  number = 	 {6},
  month = 	 {September},
  url = {http://citeseerx.ist.psu.edu/viewdoc/download?doi=10.1.1.206.5024&rep=rep1&type=pdf},
  note = {Zugriff: 12.01.2019}
}
@misc{Temperaturmaxima,
  title = 	 {Temperaturmaxima},
  url = 	 {https://de.wikipedia.org/wiki/Temperaturextrema#H%C3%B6chsttemperaturen_(seit_Beginn_der_Aufzeichnungen)},
  note = 	 {Zugriff: 12.10.2019},
}
@article{Nou2016,
author = {Nou, Julien and Chauvin, Rémi and Thil, Stéphane and Grieu, Stéphane},
year = {2016},
month = {03},
pages = {},
title = {A new approach to the real-time assessment of the clear-sky direct normal irradiance},
volume = {40},
journal = {Applied Mathematical Modelling},
doi = {10.1016/j.apm.2016.03.022}
}

@Article{Roderick1992,
  author = 	 {Roderick, M.L.},
  title = 	 {Methods for calculating solar position and day length including computer programs and subroutines},
  journal = 	 {Resource Management Technical Reports},
  year = 	 {1992},
  url = {https://researchlibrary.agric.wa.gov.au/cgi/viewcontent.cgi?article=1122&context=rmtr},
  note = {Zugriff: 17.10.2019}
}